<?xml version="1.0" encoding="UTF-8"?><collection xmlns="http://www.loc.gov/MARC21/slim"><record><leader>00393nam--2200133-i-4500</leader><controlfield tag="001">000032731</controlfield><controlfield tag="002">20161230</controlfield><controlfield tag="005">20161230201039</controlfield><controlfield tag="008">060222s1000------------r-----000-0-eng-d</controlfield><datafield ind1=" " ind2=" " tag="080"><subfield code="a">530.145:539.126(043)</subfield></datafield><datafield ind1=" " ind2=" " tag="100"><subfield code="a">Kerner, Richard</subfield></datafield><datafield ind1=" " ind2=" " tag="245"><subfield code="a">Sur certaines applications de la theorie du champ de yang et mills</subfield></datafield><datafield ind1=" " ind2=" " tag="260"><subfield code="a">Paris, L` Universite Pierre Et Marie Curie. 1975, 14p</subfield></datafield><datafield ind1=" " ind2=" " tag="852"><subfield code="a">44174</subfield></datafield></record></collection>